@online {NIST,
	url 		= {http://math.nist.gov/~RPozo/ngraph/webcrawler.html},
	year 		= 2010,
	author 		= {Pozo, Roldan},
	title 		= {NIST  Web Crawler}
}

@online {NLTK,
	url 		= {http://www.nltk.org/},
	year 		= 2017,
	author 		= {NLTK, Org},
	title 		= {Natural Language ToolKit}
}

@article{stemming,
	title 		= {Stemming algorithms: A case study for detailed evaluation},
	author		= {Hull, David A and others},
	journal		= {JASIS},
	volume		= {47},
	number		= {1},
	pages		= {70--84},
	year		= 1996
}

@article{modernIR,
	title		= {Modern information retrieval: A brief overview},
	author		= {Singhal, Amit},
	journal		= {IEEE Data Eng. Bull.},
	volume 		= {24},
	number		= {4},
	pages		= {35--43},
	year		= 2001
}

@book{IntroIR,
	author    	= {Christopher D. Manning and Prabhakar Raghavan and Hinrich Sch{\"{u}}tze},
	title     	= {Introduction to information retrieval},
	publisher 	= {Cambridge University Press},
	year      	= 2008,
	isbn      	= {978-0-521-86571-5},
	timestamp 	= {Wed, 16 Mar 2011 21:36:11 +0100},
	biburl    	= {http://dblp.org/rec/bib/books/daglib/0021593},
	bibsource 	= {dblp computer science bibliography, http://dblp.org}
}